@article{johnson2016mimic,
  title={MIMIC-III, a freely accessible critical care database},
  author={Johnson, Alistair EW and Pollard, Tom J and Shen, Lu and Li-wei, H Lehman and Feng, Mengling and Ghassemi, Mohammad and Moody, Benjamin and Szolovits, Peter and Celi, Leo Anthony and Mark, Roger G},
  journal={Scientific data},
  volume={3},
  pages={160035},
  year={2016},
  publisher={Nature Publishing Group}
}

@article{pollard2018eicu,
  title={The eICU Collaborative Research Database, a freely available multi-center database for critical care research},
  author={Pollard, Tom J and Johnson, Alistair EW and Raffa, Jesse D and Celi, Leo A and Mark, Roger G and Badawi, Omar},
  journal={Scientific data},
  volume={5},
  pages={180178},
  year={2018},
  publisher={Nature Publishing Group}
}

@article{faltys2020hirid,
  title={HIRID data},
  author={Faltys, Martin},
  journal={?},
  volume={5},
  pages={180178},
  year={2018},
  publisher={?}
}

@article{cryer2003hypoglycemia,
  title={Hypoglycemia in diabetes},
  author={Cryer, Philip E and Davis, Stephen N and Shamoon, Harry},
  journal={Diabetes care},
  volume={26},
  number={6},
  pages={1902--1912},
  year={2003},
  publisher={Am Diabetes Assoc}
}

@article{anderson1997reduction,
  title={Reduction of postprandial hyperglycemia and frequency of hypoglycemia in IDDM patients on insulin-analog treatment},
  author={Anderson, James H and Brunelle, Rocco L and Koivisto, Veikko A and Pf{\"u}tzner, Andreas and Trautmann, Michael E and Vignati, Louis and DiMarchi, Richard},
  journal={Diabetes},
  volume={46},
  number={2},
  pages={265--270},
  year={1997},
  publisher={Am Diabetes Assoc}
}

@article{gottesman2019guidelines,
  title={Guidelines for reinforcement learning in healthcare},
  author={Gottesman, Omer and Johansson, Fredrik and Komorowski, Matthieu and Faisal, Aldo and Sontag, David and Doshi-Velez, Finale and Celi, Leo Anthony},
  journal={Nat Med},
  volume={25},
  number={1},
  pages={16--18},
  year={2019}
}

@book{sutton2018reinforcement,
  title={Reinforcement learning: An introduction},
  author={Sutton, Richard S and Barto, Andrew G},
  year={2018},
  publisher={MIT press}
}

@article{tennenholtz2019off,
  title={Off-Policy Evaluation in Partially Observable Environments},
  author={Tennenholtz, Guy and Mannor, Shie and Shalit, Uri},
  journal={arXiv preprint arXiv:1909.03739},
  year={2019}
}

@article{egi2006variability,
  title={Variability of blood glucose concentration and short-term mortality in critically ill patients},
  author={Egi, Moritoki and Bellomo, Rinaldo and Stachowski, Edward and French, Craig J and Hart, Graeme},
  journal={Anesthesiology: The Journal of the American Society of Anesthesiologists},
  volume={105},
  number={2},
  pages={244--252},
  year={2006},
  publisher={The American Society of Anesthesiologists}
}

@article{egi2008blood,
  title={Blood glucose concentration and outcome of critical illness: the impact of diabetes},
  author={Egi, Moritoki and Bellomo, Rinaldo and Stachowski, Edward and French, Craig J and Hart, Graeme K and Hegarty, Colin and Bailey, Michael},
  journal={Critical care medicine},
  volume={36},
  number={8},
  pages={2249--2255},
  year={2008},
  publisher={LWW}
}

@article{badawi2012association,
  title={Association between intensive care unit--acquired dysglycemia and in-hospital mortality},
  author={Badawi, Omar and Waite, Michael D and Fuhrman, Steven A and Zuckerman, Ilene H},
  journal={Critical care medicine},
  volume={40},
  number={12},
  pages={3180--3188},
  year={2012},
  publisher={LWW}
}

@article{chi2011effect,
  title={Effect of glycemic state on hospital mortality in critically ill surgical patients},
  author={Chi, Albert and Lissauer, Matthew E and Kirchoffner, Jill and Scalea, Thomas M and Johnson, Steven B},
  journal={The American surgeon},
  volume={77},
  number={11},
  pages={1483--1489},
  year={2011},
  publisher={Southeastern Surgical Congress}
}

@article{christiansen2004hyperglycaemia,
  title={Hyperglycaemia and mortality in critically ill patients},
  author={Christiansen, Christian and Toft, Palle and J{\o}rgensen, Hans Skriver and Andersen, S{\o}ren K{\ae}seler and T{\o}nnesen, Else},
  journal={Intensive care medicine},
  volume={30},
  number={8},
  pages={1685--1688},
  year={2004},
  publisher={Springer}
}

@article{van2001intensive,
  title={Intensive insulin therapy in critically ill patients},
  author={Van den Berghe, Greet and Wouters, Pieter and Weekers, Frank and Verwaest, Charles and Bruyninckx, Frans and Schetz, Miet and Vlasselaers, Dirk and Ferdinande, Patrick and Lauwers, Peter and Bouillon, Roger},
  journal={New England journal of medicine},
  volume={345},
  number={19},
  pages={1359--1367},
  year={2001},
  publisher={Mass Medical Soc}
}

@article{van2006intensive,
  title={Intensive insulin therapy in the medical ICU},
  author={Van den Berghe, Greet and Wilmer, Alexander and Hermans, Greet and Meersseman, Wouter and Wouters, Pieter J and Milants, Ilse and Van Wijngaerden, Eric and Bobbaers, Herman and Bouillon, Roger},
  journal={New England journal of medicine},
  volume={354},
  number={5},
  pages={449--461},
  year={2006},
  publisher={Mass Medical Soc}
}

@article{brunkhorst2008intensive,
  title={Intensive insulin therapy and pentastarch resuscitation in severe sepsis},
  author={Brunkhorst, Frank M and Engel, Christoph and Bloos, Frank and Meier-Hellmann, Andreas and Ragaller, Max and Weiler, Norbert and Moerer, Onnen and Gruendling, Matthias and Oppert, Michael and Grond, Stefan and others},
  journal={New England Journal of Medicine},
  volume={358},
  number={2},
  pages={125--139},
  year={2008},
  publisher={Mass Medical Soc}
}

@article{preiser2009prospective,
  title={A prospective randomised multi-centre controlled trial on tight glucose control by intensive insulin therapy in adult intensive care units: the Glucontrol study},
  author={Preiser, Jean-Charles and Devos, Philippe and Ruiz-Santana, Sergio and M{\'e}lot, Christian and Annane, Djillali and Groeneveld, Johan and Iapichino, Gaetano and Leverve, Xavier and Nitenberg, G{\'e}rard and Singer, Pierre and others},
  journal={Intensive care medicine},
  volume={35},
  number={10},
  pages={1738},
  year={2009},
  publisher={Springer}
}

@article{arabi2008intensive,
  title={Intensive versus conventional insulin therapy: a randomized controlled trial in medical and surgical critically ill patients},
  author={Arabi, Yaseen M and Dabbagh, Ousama C and Tamim, Hani M and Al-Shimemeri, Abdullah A and Memish, Ziad A and Haddad, Samir H and Syed, Sofia J and Giridhar, Hema R and Rishu, Asgar H and Al-Daker, Mouhamad O and others},
  journal={Critical care medicine},
  volume={36},
  number={12},
  pages={3190--3197},
  year={2008},
  publisher={LWW}
}

@article{nice2009intensive,
  title={Intensive versus conventional glucose control in critically ill patients},
  author={Nice-Sugar Study Investigators},
  journal={New England Journal of Medicine},
  volume={360},
  number={13},
  pages={1283--1297},
  year={2009},
  publisher={Mass Medical Soc}
}

@article{krinsley2013diabetic,
  title={Diabetic status and the relation of the three domains of glycemic control tomortality in critically ill patients: an international multicenter cohort study},
  author={Krinsley, James S and Egi, Moritoki and Kiss, Alex and Devendra, Amin N and Schuetz, Philipp and Maurer, Paula M and Schultz, Marcus J and van Hooijdonk, Roosmarijn TM and Kiyoshi, Morita and Mackenzie, Iain MJ and others},
  journal={Critical care},
  volume={17},
  number={2},
  pages={R37},
  year={2013},
  publisher={BioMed Central}
}

@article{egi2011interaction,
  title={The interaction of chronic and acute glycemia with mortality in critically ill patients with diabetes},
  author={Egi, Moritoki and Bellomo, Rinaldo and Stachowski, Edward and French, Craig J and Hart, Graeme K and Taori, Gopal and Hegarty, Colin and Bailey, Michael},
  journal={Critical care medicine},
  volume={39},
  number={1},
  pages={105--111},
  year={2011},
  publisher={LWW}
}

@article{kaukonen2014stress,
  title={Stress hyperlactatemia modifies the relationship between stress hyperglycemia and outcome: a retrospective observational study},
  author={Kaukonen, Kirsi-Maija and Bailey, Michael and Egi, Moritoki and Orford, Neil and Glassford, Neil J and Marik, Paul E and Bellomo, Rinaldo},
  journal={Critical care medicine},
  volume={42},
  number={6},
  pages={1379--1385},
  year={2014},
  publisher={LWW}
}

@article{nice2012hypoglycemia,
  title={Hypoglycemia and risk of death in critically ill patients},
  author={NICE-Sugar Study Investigators},
  journal={New England Journal of Medicine},
  volume={367},
  number={12},
  pages={1108--1118},
  year={2012},
  publisher={Mass Medical Soc}
}

@article{vriesendorp2006evaluation,
  title={Evaluation of short-term consequences of hypoglycemia in an intensive care unit},
  author={Vriesendorp, Titia M and DeVries, J Hans and van Santen, Susanne and Moeniralam, Hazra S and de Jonge, Evert and Roos, Yvo BWEM and Schultz, Marcus J and Rosendaal, Frits R and Hoekstra, Joost BL},
  journal={Critical care medicine},
  volume={34},
  number={11},
  pages={2714--2718},
  year={2006},
  publisher={LWW}
}

@article{krinsley2007severe,
  title={Severe hypoglycemia in critically ill patients: risk factors and outcomes},
  author={Krinsley, James S and Grover, Aarti},
  journal={Critical care medicine},
  volume={35},
  number={10},
  pages={2262--2267},
  year={2007},
  publisher={LWW}
}

@article{bagshaw2009early,
  title={Early blood glucose control and mortality in critically ill patients in Australia},
  author={Bagshaw, Sean M and Egi, Moritoki and George, Carol and Bellomo, Rinaldo},
  journal={Critical care medicine},
  volume={37},
  number={2},
  pages={463--470},
  year={2009},
  publisher={LWW}
}

@article{hermanides2010hypoglycemia,
  title={Hypoglycemia is associated with intensive care unit mortality},
  author={Hermanides, Jeroen and Bosman, Robert J and Vriesendorp, Titia M and Dotsch, Ron and Rosendaal, Frits R and Zandstra, Durk F and Hoekstra, Joost BL and DeVries, J Hans},
  journal={Critical care medicine},
  volume={38},
  number={6},
  pages={1430--1434},
  year={2010},
  publisher={LWW}
}

@inproceedings{egi2010hypoglycemia,
  title={Hypoglycemia and outcome in critically ill patients},
  author={Egi, Moritoki and Bellomo, Rinaldo and Stachowski, Edward and French, Craig J and Hart, Graeme K and Taori, Gopal and Hegarty, Colin and Bailey, Michael},
  booktitle={Mayo Clinic Proceedings},
  volume={85},
  number={3},
  pages={217--224},
  year={2010},
  organization={Elsevier}
}

@article{krinsley2011mild,
  title={Mild hypoglycemia is strongly associated with increased intensive care unit length of stay},
  author={Krinsley, James and Schultz, Marcus J and Spronk, Peter E and van Braam Houckgeest, Floris and Van Der Sluijs, Johannes P and M{\'e}lot, Christian and Preiser, Jean-Charles},
  journal={Annals of intensive care},
  volume={1},
  number={1},
  pages={49},
  year={2011},
  publisher={Springer}
}

@article{plevcko2019fair,
  title={Fair Data Adaptation with Quantile Preservation},
  author={Ple{\v{c}}ko, Drago and Meinshausen, Nicolai},
  journal={arXiv preprint arXiv:1911.06685},
  year={2019}
}

@article{fleuren2019machine,
  title={Machine Learning for the Prediction of Sepsis, a Systematic Review and Meta-Analysis of Diagnostic Test Accuracy},
  author={Fleuren, Lucas M and Klausch, Thomas LT and Zwager, Charlotte L and Schoonmade, Linda J and Guo, Tingjie and Roggeveen, Luca F and Swart, Eleonora L and Girbes, Armand RJ and Thoral, Patrick and Ercole, Ari and others},
  year={2019},
  publisher={Springer Nature}
}

@inproceedings{adibuzzaman2016closing,
  title={Closing the data loop: An integrated open access analysis platform for the mimic database},
  author={Adibuzzaman, Mohammad and Musselman, Ken and Johnson, Alistair and Brown, Paul and Pitluk, Zachary and Grama, Ananth},
  booktitle={2016 Computing in Cardiology Conference (CinC)},
  pages={137--140},
  year={2016},
  organization={IEEE}
}

@inproceedings{wang2020mimic,
  title={Mimic-extract: A data extraction, preprocessing, and representation pipeline for mimic-iii},
  author={Wang, Shirly and McDermott, Matthew BA and Chauhan, Geeticka and Ghassemi, Marzyeh and Hughes, Michael C and Naumann, Tristan},
  booktitle={Proceedings of the ACM Conference on Health, Inference, and Learning},
  pages={222--235},
  year={2020}
}

@article{evans2016electronic,
  title={Electronic health records: then, now, and in the future},
  author={Evans, RS},
  journal={Yearbook of medical informatics},
  volume={25},
  number={S 01},
  pages={S48--S61},
  year={2016},
  publisher={Georg Thieme Verlag KG}
}

@article{jiang2017artificial,
  title={Artificial intelligence in healthcare: past, present and future},
  author={Jiang, Fei and Jiang, Yong and Zhi, Hui and Dong, Yi and Li, Hao and Ma, Sufeng and Wang, Yilong and Dong, Qiang and Shen, Haipeng and Wang, Yongjun},
  journal={Stroke and vascular neurology},
  volume={2},
  number={4},
  pages={230--243},
  year={2017},
  publisher={BMJ Specialist Journals}
}

@article{desautels2016prediction,
  title={Prediction of sepsis in the intensive care unit with minimal electronic health record data: a machine learning approach},
  author={Desautels, Thomas and Calvert, Jacob and Hoffman, Jana and Jay, Melissa and Kerem, Yaniv and Shieh, Lisa and Shimabukuro, David and Chettipally, Uli and Feldman, Mitchell D and Barton, Chris and others},
  journal={JMIR medical informatics},
  volume={4},
  number={3},
  pages={e28},
  year={2016},
  publisher={JMIR Publications Inc., Toronto, Canada}
}

@article{nemati2018interpretable,
  title={An interpretable machine learning model for accurate prediction of sepsis in the ICU.},
  author={Nemati, Shamim and Holder, Andre and Razmi, Fereshteh and Stanley, Matthew D and Clifford, Gari D and Buchman, Timothy G},
  journal={Critical care medicine},
  volume={46},
  number={4},
  pages={547--553},
  year={2018}
}

@article{futoma2017improved,
  title={An improved multi-output gaussian process rnn with real-time validation for early sepsis detection},
  author={Futoma, Joseph and Hariharan, Sanjay and Sendak, Mark and Brajer, Nathan and Clement, Meredith and Bedoya, Armando and O'Brien, Cara and Heller, Katherine},
  journal={arXiv preprint arXiv:1708.05894},
  year={2017}
}

@article{kam2017learning,
  title={Learning representations for the early detection of sepsis with deep neural networks},
  author={Kam, Hye Jin and Kim, Ha Young},
  journal={Computers in biology and medicine},
  volume={89},
  pages={248--255},
  year={2017},
  publisher={Elsevier}
}

@article{haas2016severe,
  title={Severe hyperlactatemia, lactate clearance and mortality in unselected critically ill patients},
  author={Haas, Sebastian A and Lange, Theresa and Saugel, Bernd and Petzoldt, Martin and Fuhrmann, Valentin and Metschke, Maria and Kluge, Stefan},
  journal={Intensive care medicine},
  volume={42},
  number={2},
  pages={202--210},
  year={2016},
  publisher={Springer}
}

@article{nichol2011dynamic,
  title={Dynamic lactate indices as predictors of outcome in critically ill patients},
  author={Nichol, Alistair and Bailey, Michael and Egi, Moritoki and Pettila, Ville and French, Craig and Stachowski, Edward and Reade, Michael C and Cooper, David James and Bellomo, Rinaldo},
  journal={Critical Care},
  volume={15},
  number={5},
  pages={R242},
  year={2011},
  publisher={Springer}
}

@article{van2013cumulative,
  title={Cumulative lactate and hospital mortality in ICU patients},
  author={Van Beest, Paul A and Brander, Lukas and Jansen, Sebastiaan PA and Rommes, Johannes H and Kuiper, Micha{\"e}l A and Spronk, Peter E},
  journal={Annals of intensive care},
  volume={3},
  number={1},
  pages={6},
  year={2013},
  publisher={Springer}
}

@misc{vincent1996sofa,
  title={The SOFA (Sepsis-related Organ Failure Assessment) score to describe organ dysfunction/failure},
  author={Vincent, J-L and Moreno, Rui and Takala, Jukka and Willatts, Sheila and De Mendon{\c{c}}a, Arnaldo and Bruining, Hajo and Reinhart, CK and Suter, PeterM and Thijs, Lambertius G},
  year={1996},
  publisher={Springer-Verlag}
}

@incollection{therneau2000cox,
  title={The Cox model},
  author={Therneau, Terry M and Grambsch, Patricia M},
  booktitle={Modeling survival data: extending the Cox model},
  pages={39--77},
  year={2000},
  publisher={Springer}
}

@article{therneau2015package,
  title={Package ‘survival’},
  author={Therneau, Terry M and Lumley, Thomas},
  journal={R Top Doc},
  volume={128},
  pages={112},
  year={2015}
}

@inproceedings{wang2018,
  author={R. Z. {Wang} and C. H. {Sun} and P. H. {Schroeder} and M. K. {Ameko} and C. C. {Moore} and L. E. {Barnes}},
  booktitle={2018 IEEE International Conference on Healthcare Informatics (ICHI)},
  title={Predictive Models of Sepsis in Adult ICU Patients},
  year={2018},
  volume={},
  number={},
  pages={390-391},
  doi={10.1109/ICHI.2018.00068}
}

@article{johnson2018,
  author={Johnson, Alistair E. W.
  and Aboab, Jerome
  and Raffa, Jesse D.
  and Pollard, Tom J.
  and Deliberato, Rodrigo O.
  and Celi, Leo A.
  and Stone, David J.},
  title={A Comparative Analysis of Sepsis Identification Methods in an Electronic Database},
  journal={Critical care medicine},
  year={2018},
  month={Apr},
  volume={46},
  number={4},
  pages={494-499},
  issn={1530-0293},
  doi={10.1097/CCM.0000000000002965},
  url={https://pubmed.ncbi.nlm.nih.gov/29303796},
  language={eng}
}

@misc{aumc,
  author = {Elbers, Dr. P.W.G.},
  year = {2019},
  title = {AmsterdamUMCdb v1.0.2},
  doi = {https://doi.org/10.17026/dans-22u-f8vd},
  owner = {Amsterdam UMC},
  howpublished = {DANS}
}
